<?xml version="1.0" encoding="UTF-8"?><collection><record><leader>05562ntm a2200553 a 4500</leader><controlfield tag="001">005983143</controlfield><controlfield tag="003">MiAaHDL</controlfield><controlfield tag="005">20190719000000.0</controlfield><controlfield tag="006">m        d        </controlfield><controlfield tag="007">cr bn ---auaua</controlfield><controlfield tag="008">090402s16uu    xx            00| ||ara d</controlfield><datafield tag="035" ind1=" " ind2=" "><subfield code="a">(MiU)005983143</subfield></datafield><datafield tag="035" ind1=" " ind2=" "><subfield code="a">sdr-miu005983143</subfield></datafield><datafield tag="040" ind1=" " ind2=" "><subfield code="a">MiU</subfield><subfield code="c">MiU</subfield><subfield code="e">amremm</subfield></datafield><datafield tag="043" ind1=" " ind2=" "><subfield code="a">n-us-mi</subfield></datafield><datafield tag="245" ind1="0" ind2="0"><subfield code="6">880-03</subfield><subfield code="a">Şerh-i Masabih-i şerif,</subfield><subfield code="f">[early 17th century?].</subfield></datafield><datafield tag="246" ind1="3" ind2=" "><subfield code="a">Sharḥ Mishkāt al-Maṣābīḥ</subfield></datafield><datafield tag="260" ind1=" " ind2=" "><subfield code="c">[16--].</subfield></datafield><datafield tag="300" ind1=" " ind2=" "><subfield code="a">91 leaves :</subfield><subfield code="b">paper ;</subfield><subfield code="c">299 x 212 (236 x 139) mm.</subfield></datafield><datafield tag="500" ind1=" " ind2=" "><subfield code="a">Shelfmark: Ann Arbor, University of Michigan, Special Collections Library, Isl. Ms. 26</subfield></datafield><datafield tag="500" ind1=" " ind2=" "><subfield code="a">Origin: Lacks dated colophon ; paper would suggest early 17th century. Inscription on front flyleaf would indicate that the commentary was copied by Shaykh al-Qurrāʼ Shaʻbān Afandī. Whether he also authored the text is unclear.</subfield></datafield><datafield tag="500" ind1=" " ind2=" "><subfield code="a">Former shelfmark: British Museum, London "No. 128. Commentary on Masabih."</subfield></datafield><datafield tag="500" ind1=" " ind2=" "><subfield code="a">Binding: Pasteboards covered in European laid paper with red-brown leather over spine and turn-ins ; Type II binding (with flap, though now lost) ; board linings in yellow laid paper ; sewn in yellow thread, four stations ; endbands virtually gone, only traces remain ; in poor condition with much staining, abrasion, holes in spine, spine lining exposed, etc.</subfield></datafield><datafield tag="500" ind1=" " ind2=" "><subfield code="a">Support: European laid paper with 7-8 laid lines per cm. and chain lines (vertical) space roughly 30 mm. apart ; watermark crown with star and crescent above (compare Heawood 1132) ; countermark difficult to make out, includes trefoil.</subfield></datafield><datafield tag="500" ind1=" " ind2=" "><subfield code="a">Decoration: Written surrounded by red rule-border ; text rubricated with section headings, keywords, overlining, sigla and other abbreviations, etc. in red.</subfield></datafield><datafield tag="500" ind1=" " ind2=" "><subfield code="a">Script: Naskh ; clear Turkish (?) hand ; virtually serifless, though occasional head-serifs appear indiscriminately ; very slight effect of tilt to the left ; open and closed counters ; free assimilation of letters such as rāʼ with final hāʼ also point of final nūn often assimilated with bowl.</subfield></datafield><datafield tag="500" ind1=" " ind2=" "><subfield code="a">Layout: Written in 33 lines per page ; frame-ruled.</subfield></datafield><datafield tag="500" ind1=" " ind2=" "><subfield code="a">Collation: vi, V-9 (1), 10 V(91), ii ; chiefly quinions ; acephelous with roughly 89 leaves missing from the head of the text ; also ends abruptly ; foliation in black ink, Hindu-Arabic numerals (mistakenly skips ١١١) ; pagination in pencil, Western numerals, supplied during digitization (includes some flyleaves).</subfield></datafield><datafield tag="500" ind1=" " ind2=" "><subfield code="a">Explicit: " وهذا الكلام وفي بعض النسخ كلاهما على بناء الفاعل اي اعطي هو بها اكثر مما اعطي هو بها ويجوز ان يكون الاول على بناء الفاعل والثاني على بناء"</subfield></datafield><datafield tag="500" ind1=" " ind2=" "><subfield code="a">Incipit: "والزكوة على ذلك ان ترك شيئا من المفروض تكمل في التطوع ..."</subfield></datafield><datafield tag="500" ind1=" " ind2=" "><subfield code="a">Title from inscription on front flyleaf.</subfield></datafield><datafield tag="500" ind1=" " ind2=" "><subfield code="a">Ms. codex.</subfield></datafield><datafield tag="510" ind1="4" ind2=" "><subfield code="a">Kut, Günay and Nimet Bayraktar. Yazma eserlerde vakıf mühürleri. (Ankara : Kültür ve Turizm Bakanlığı, 1984),</subfield><subfield code="c">no.45, pp.84-85</subfield></datafield><datafield tag="510" ind1="4" ind2=" "><subfield code="a">Brockelmann, C. GAL,</subfield><subfield code="c">I, 363 (6/1) ; SI, 620 (6/1)</subfield></datafield><datafield tag="520" ind1="8" ind2=" "><subfield code="a">Acephelous copy of a commentary on Mishkāt al-Maṣābīḥ, the arrangement by Walī al-Dīn al-Khaṭīb al-Tibrīzī (fl.1337) upon al-Baghawī's (d.1117?) extensive collection of traditions sorted by subject matter. Excerpts from several other commentaries on Mishkāt al-Maṣābīḥ are provided in the margins, including the Mirqāt al-mafātīḥ of al-Qārī al-Harawī (d.1605 or 6). Opens in Kitāb al-ṣalāh and ends in Kitāb al-buyūʻ, though the partial fihrist which has been provided extends further.</subfield></datafield><datafield tag="538" ind1=" " ind2=" "><subfield code="a">Mode of access: Internet.</subfield></datafield><datafield tag="541" ind1=" " ind2=" "><subfield code="c">Purchase ;</subfield><subfield code="a">Acquired by purchase along with Abdul Hamid Collection (funds donated by Horace Rackham).</subfield><subfield code="d">1924.</subfield></datafield><datafield tag="546" ind1=" " ind2=" "><subfield code="a">Arabic.</subfield></datafield><datafield tag="561" ind1=" " ind2=" "><subfield code="a">Bookplate of British Museum, London on inner front cover,"British Museum, London. No. 128. Commentary on Masabih." ; circular seal impression with figure of goat/gazelle in purple ink as well as inscription "36" in Western numerals on front flyleaf ; on p.29 and elsewhere throughout, a circular waqf-seal impression in the name of Çorlulu Damat Ali Paşa, Ottoman grand vizier 1706-1710 who founded a library in the complex he comissioned at Çarşıkapı (in Istanbul) in 1708-9, reads: "هذا مما وقفه الوزير الاعظم علي باشا ابن الحاج محمد اغا عفي الله عنهما سنة ١١٢٠" ; numerous marginal corrections, glosses (including those taken from al-Qārī al-Harawī's commentary), and notabilia (side-heads).</subfield></datafield><datafield tag="600" ind1="1" ind2="0"><subfield code="a">Baghawī, al-Ḥusayn ibn Masʻūd,</subfield><subfield code="d">-1117?</subfield><subfield code="t">Maṣābīḥ al-sunnah.</subfield></datafield><datafield tag="600" ind1="1" ind2="0"><subfield code="a">Khaṭīb al-Tibrīzī, Muḥammad ibn ʻAbd Allāh,</subfield><subfield code="d">fl. 1337.</subfield><subfield code="t">Mishkāt al-Maṣābīḥ.</subfield></datafield><datafield tag="650" ind1=" " ind2="0"><subfield code="a">Manuscripts, Arabic</subfield><subfield code="z">Michigan</subfield><subfield code="z">Ann Arbor.</subfield></datafield><datafield tag="650" ind1=" " ind2="0"><subfield code="a">Hadith</subfield><subfield code="x">Criticism, interpretation, etc.</subfield><subfield code="v">Early works to 1800.</subfield></datafield><datafield tag="700" ind1="0" ind2=" "><subfield code="6">880-06</subfield><subfield code="a">Şaban Efendi,</subfield><subfield code="e">scribe.</subfield></datafield><datafield tag="700" ind1="1" ind2="2"><subfield code="6">880-05</subfield><subfield code="a">Qārī al-Harawī, ʻAlī ibn Sulṭān Muḥammad,</subfield><subfield code="d">-1605 or 1606.</subfield><subfield code="t">Mirqāt al-mafātīḥ.</subfield></datafield><datafield tag="773" ind1="0" ind2=" "><subfield code="a">Tiflis Collection.</subfield></datafield><datafield tag="880" ind1="0" ind2=" "><subfield code="6">700-06/</subfield><subfield code="a">شعبان افندى،</subfield><subfield code="e">ناسخ.</subfield></datafield><datafield tag="880" ind1="1" ind2="2"><subfield code="6">700-05/</subfield><subfield code="a">قاري الهروي، علي بن سلطان محمد.</subfield><subfield code="t">مرقاة المفاتيح.</subfield></datafield><datafield tag="880" ind1="0" ind2="0"><subfield code="6">245-03/</subfield><subfield code="a">شرح مصابيح شريف,</subfield><subfield code="f">[اوائل القرن 17م؟].</subfield></datafield><datafield tag="CID" ind1=" " ind2=" "><subfield code="a">005983143</subfield></datafield><datafield tag="DAT" ind1="0" ind2=" "><subfield code="a">20190719102633.0</subfield><subfield code="b">20190719000000.0</subfield></datafield><datafield tag="DAT" ind1="1" ind2=" "><subfield code="a">20190719090653.0</subfield><subfield code="b">2019-07-19T16:11:12Z</subfield></datafield><datafield tag="DAT" ind1="2" ind2=" "><subfield code="a">2015-10-02T18:00:03Z</subfield></datafield><datafield tag="CAT" ind1=" " ind2=" "><subfield code="a">SDR-MIU</subfield><subfield code="d">EX LIBRIS - ALEPH</subfield><subfield code="l">prepare.pl-004-008</subfield></datafield><datafield tag="FMT" ind1=" " ind2=" "><subfield code="a">BK</subfield></datafield><datafield tag="HOL" ind1=" " ind2=" "><subfield code="0">sdr-miu005983143</subfield><subfield code="a">MiU</subfield><subfield code="b">SDR</subfield><subfield code="c">MIU</subfield><subfield code="p">mdp.39015079105451</subfield><subfield code="s">MIU</subfield><subfield code="1">005983143</subfield></datafield><datafield tag="974" ind1=" " ind2=" "><subfield code="b">MIU</subfield><subfield code="c">MIU</subfield><subfield code="d">20190719</subfield><subfield code="s">lit-dlps-dc</subfield><subfield code="u">mdp.39015079105451</subfield><subfield code="y">1699</subfield><subfield code="r">pd</subfield><subfield code="q">bib</subfield><subfield code="t">non-US bib date1 &lt; 1879</subfield></datafield></record></collection>